// ===== Introduction ==========================================================
@mastersthesis{Schirp_2020,
  author  = {Schirp-Schoenen},
  school  = {Institute for Structural Mechanics and Lightweight Design, RWTH Aachen University},
  title   = {Investigation of the heat absorption performance of a phase change material embedded in a lattice core sandwich structure},
  year    = {2020}
}

@misc{Gen3DAdmin_2021, 
  title={Types of lattices for additive manufacturing - the terms all engineers need to know}, 
  url={https://gen3d.com/news-and-articles/types-of-lattices-for-additive-manufacturing/}, 
  journal={Gen3D}, 
  author={Gen3DAdmin}, 
  year={2021}, 
  month={May}
} 

@article{Mertens_2022, 
  title={Design of wind and solar energy supply, to match energy demand}, 
  volume={6}, 
  DOI={10.1016/j.clet.2022.100402}, 
  journal={Cleaner Engineering and Technology}, 
  author={Mertens, S.}, 
  year={2022}, 
  pages={100402}
} 

@article{Ernst_1999,
  author          = {Ernst, B},
  title           = {Analysis of wind power ancillary services characteristics with German 250-MW wind data},
  year            = {1999},
  journal = {},
  DOI={10.2172/752651}
}

@article{Datas_López-Ceballos_López_Ramos_del_Cañizo_2022, 
  title={Latent heat thermophotovoltaic batteries}, 
  volume={6}, 
  DOI={10.1016/j.joule.2022.01.010}, 
  number={2}, 
  journal={Joule}, 
  author={Datas, Alejandro and López-Ceballos, Alicia and López, Esther and Ramos, Alba and del Cañizo, Carlos}, 
  year={2022}, 
  pages={418–443}
} 

@article{Gordo_Frederico_Melicio_Duzellier_Amorim_2020, 
  title={System for space materials evaluation in leo environment}, 
  volume={66}, 
  DOI={10.1016/j.asr.2020.03.024}, 
  number={2}, 
  journal={Advances in Space Research}, 
  author={Gordo, P. and Frederico, T. and Melicio, R. and Duzellier, S. and Amorim, A.}, 
  year={2020}, 
  pages={307–320}
} 

@article{Xu_Zhang_Fang_2022, 
  title={Review on thermal conductivity improvement of phase change materials with enhanced additives for thermal energy storage}, 
  volume={51}, 
  DOI={10.1016/j.est.2022.104568}, 
  journal={Journal of Energy Storage}, 
  author={Xu, Changlu and Zhang, Huan and Fang, Guiyin}, 
  year={2022}, 
  pages={104568}
} 

// ===== Theory Section ========================================================

@misc{Kowalski_2022,
  place={Aachen},
  title={Lecture notes in 'From Molecular to Continuum Physics II'},
  author={Kowalski, J \& Boxberg, M},
  year={2022},
  publisher={RWTH Aachen University}
}

@book{Bergman_2011, 
    place={Hoboken}, 
    edition={Seventh}, 
    title={Fundamentals of heat and mass transfer}, 
    publisher={J. Wiley \& Sons}, 
    author={Bergman, Theodore L.}, 
    year={2011}
} 
@book{Kochenderfer_Wheeler_2019, 
    place={Cambridge, MA}, 
    title={Algorithms for optimization}, 
    publisher={The Mit Press}, 
    author={Kochenderfer, Mykel J. and Wheeler, Tim A.}, 
    year={2019}
} 
@article{Kuhn_Tucker_2013, 
    title={Nonlinear programming}, 
    DOI={10.1007/978-3-0348-0439-4_11}, 
    journal={Traces and Emergence of Nonlinear Programming}, 
    author={Kuhn, Harold W. and Tucker, Albert W.}, 
    year={2013}, 
    pages={247–258}
} 
@book{Lubliner_Papadopoulos_2014, 
    place={New York}, 
    title={Introduction to solid mechanics: An integrated approach}, 
    publisher={Springer}, 
    author={Lubliner, Jacob and Papadopoulos, Panayiotis}, 
    year={2014}
} 
@article{1889aSTEFAN,
  title={{\"U}ber einige probleme der theorie der w{\"a}rmeleitung},
  author={Stefan, Joseph},
  journal={Sitzungber., Wien, Akad. Mat. Natur},
  volume={98},
  pages={473--484},
  year={1889}
}
@article{1889bSTEFAN,
  title={{\"U}ber die Diffusion von S{\"a}uren und Basen gegen einander},
  author={Stefan, Joseph},
  journal={Monatshefte f{\"u}r Chemie und verwandte Teile anderer Wissenschaften},
  volume={10},
  number={1},
  pages={201--219},
  year={1889},
  publisher={Springer-Verlag}
}
@article{1891STEFAN,
  title={{\"U}ber die Theorie der Eisbildung, insbesondere {\"u}ber die Eisbildung im Polarmeere},
  author={Stefan, Joseph},
  journal={Annalen der Physik},
  volume={278},
  number={2},
  pages={269--286},
  year={1891},
  publisher={WILEY-VCH Verlag Leipzig}
}
@article{1889cSTEFAN,
  title={{\"U}ber die Verdampfung und die Aufl{\"o}sung als Vorg{\"a}nge der Diffusion},
  author={Stefan, Joseph},
  journal={Sitzungber., Wien, Akad. Mat. Natur},
  volume={98},
  pages={1418--1442},
  year={1889}
}
@book{Donea_Huerta_2004, 
  place={New York}, 
  title={Finite element methods for flow problems}, 
  publisher={Wiley}, 
  author={Donea, Jean and Huerta, Antonio}, 
  year={2004}
}
@article{McClarren_2018, 
  title={Gauss Quadrature and multi-dimensional integrals}, 
  DOI={10.1016/b978-0-12-812253-2.00018-2}, 
  journal={Computational Nuclear Engineering and Radiological Science Using Python}, 
  author={McClarren, Ryan G.}, 
  year={2018}, 
  pages={287–299}
} 

@article{Jandyal_Chaturvedi_Wazir_Raina_Ul_Haq_2022, 
  title={3D printing – a review of processes, materials and applications in industry 4.0}, 
  volume={3}, 
  DOI={10.1016/j.susoc.2021.09.004}, 
  journal={Sustainable Operations and Computers}, 
  author={Jandyal, Anketa and Chaturvedi, Ikshita and Wazir, Ishika and Raina, Ankush and Ul Haq, Mir Irfan}, 
  year={2022}, 
  pages={33–42}
} 

//===== Phase change ==========================================================
@article{Dehghan_Najafi_2016, 
  title={Numerical solution of a non-classical two-phase Stefan problem via radial basis function (RBF) collocation methods}, 
  volume={72}, 
  DOI={10.1016/j.enganabound.2016.07.015}, 
  journal={Engineering Analysis with Boundary Elements},
  author={Dehghan, Mehdi and Najafi, Mahboubeh}, 
  year={2016}, 
  pages={111–127}
} 
@article{Zhao_Heinrich_2001, 
  title={Front-tracking finite element method for dendritic solidification}, 
  volume={173}, 
  DOI={10.1006/jcph.2001.6911}, 
  number={2}, 
  journal={Journal of Computational Physics}, 
  author={Zhao, P and Heinrich, J.C}, 
  year={2001}, 
  pages={765–796}
} 
@article{Zeneli_Nikolopoulos_Karellas_Nikolopoulos_2021, 
  title={Numerical methods for solid-liquid phase-change problems}, 
  DOI={10.1016/b978-0-12-819955-8.00007-7}, 
  journal={Ultra-High Temperature Thermal Energy Storage, Transfer and Conversion}, 
  author={Zeneli, Myrto and Nikolopoulos, Aris and Karellas, Sotirios and Nikolopoulos, Nikolaos}, 
  year={2021}, 
  pages={165–199}
} 
@article{Voller_Cross_Markatos_1987, 
  title={An enthalpy method for convection/diffusion phase change}, 
  volume={24}, 
  DOI={10.1002/nme.1620240119}, 
  number={1}, 
  journal={International Journal for Numerical Methods in Engineering}, 
  author={Voller, V. R. and Cross, M. and Markatos, N. C.}, 
  year={1987}, 
  pages={271–284}
}
@article{Osher_Sethian_1988, 
  title={Fronts propagating with curvature-dependent speed: Algorithms based on Hamilton-Jacobi formulations}, 
  volume={79}, 
  DOI={10.1016/0021-9991(88)90002-2},
  number={1}, 
  journal={Journal of Computational Physics}, 
  author={Osher, Stanley and Sethian, James A}, 
  year={1988}, 
  pages={12–49}
} 
@article{Comini_DelGuidice_Lewis_Zienkiewicz_1974, 
  title={Finite element solution of non-linear heat conduction problems with special reference to phase change}, 
  volume={8}, 
  DOI={10.1002/nme.1620080314}, 
  number={3}, 
  journal={International Journal for Numerical Methods in Engineering}, 
  author={Comini, G. and Del Guidice, S. and Lewis, R. W. and Zienkiewicz, O. C.}, 
  year={1974}, 
  pages={613–624}
} 
@article{Poirier_Salcudean_1988, 
  title={On numerical methods used in mathematical modeling of phase change in liquid metals}, 
  volume={110}, 
  DOI={10.1115/1.3250529}, 
  number={3}, 
  journal={Journal of Heat Transfer}, 
  author={Poirier, D. and Salcudean, M.}, 
  year={1988}, 
  pages={562–570}
} 
@article{Celentano_Oñate_Oller_1994, 
  title={A temperature-based formulation for finite element analysis of generalized phase-change problems}, 
  volume={37}, 
  DOI={10.1002/nme.1620372004}, 
  number={20}, 
  journal={International Journal for Numerical Methods in Engineering}, 
  author={Celentano, Dsego and Oñate, Eugenio and Oller, Sergio}, 
  year={1994}, 
  pages={3441–3465}
} 
@article{Nallathambi_Specht_Bertram_2009, 
  title={Finite element technique for phase-change heat conduction problem}, 
  DOI={10.1115/ht2009-88106}, 
  journal={Volume 2: Theory and Fundamental Research; Aerospace Heat Transfer; Gas Turbine Heat Transfer; Computational Heat Transfer}, 
  author={Nallathambi, Ashok Kumar and Specht, Eckehard and Bertram, Albrecht}, 
  year={2009}
} 
@article{Yang_He_2010, 
  title={Solving heat transfer problems with phase change via smoothed effective heat capacity and element-free Galerkin methods}, 
  volume={37}, 
  DOI={10.1016/j.icheatmasstransfer.2009.12.002}, 
  number={4}, 
  journal={International Communications in Heat and Mass Transfer}, 
  author={Yang, Haitian and He, Yiqian}, 
  year={2010}, 
  pages={385–392}
}

//===== Topology Optimization =================================================
@book{Bendsøe_2004, 
  place={Berlin, Heidelberg}, 
  title={Topology Optimization: Theory, methods, and applications}, 
  publisher={Springer Berlin Heidelberg}, 
  author={Bendsøe, Martin P.}, 
  year={2004}
} 
@article{Sigmund_2007, 
  title={Morphology-based black and white filters for topology optimization}, 
  volume={33}, 
  DOI={10.1007/s00158-006-0087-x}, 
  number={4–5}, 
  journal={Structural and Multidisciplinary Optimization}, 
  author={Sigmund, Ole}, 
  year={2007}, 
  pages={401–424}
} 
@article{Sigmund_1997, 
  title={On the design of compliant mechanisms using topology optimization*}, 
  volume={25}, 
  DOI={10.1080/08905459708945415}, 
  number={4}, 
  journal={Mechanics of Structures and Machines}, 
  author={Sigmund, Ole}, 
  year={1997}, 
  pages={493–524}
} 
@article{Bruns_Tortorelli_2001, 
  title={Topology optimization of non-linear elastic structures and compliant mechanisms}, 
  volume={190}, 
  DOI={10.1016/s0045-7825(00)00278-4}, 
  number={26–27}, 
  journal={Computer Methods in Applied Mechanics and Engineering}, 
  author={Bruns, Tyler E. and Tortorelli, Daniel A.}, 
  year={2001}, 
  pages={3443–3459}
} 
@article{Svanberg_1987, 
  title={The method of moving asymptotes—a new method for structural optimization}, 
  volume={24}, 
  DOI={10.1002/nme.1620240207}, 
  number={2}, 
  journal={International Journal for Numerical Methods in Engineering}, 
  author={Svanberg, Krister}, 
  year={1987}, 
  pages={359–373}
} 
@article{Kim_Dong_Weinberg_Dalidd_2021, 
  title={Generalized optimality criteria method for topology optimization}, 
  volume={11}, 
  DOI={10.3390/app11073175}, 
  number={7}, 
  journal={Applied Sciences}, 
  author={Kim, Nam H. and Dong, Ting and Weinberg, David and Dalidd, Jonas}, 
  year={2021}, 
  pages={3175}
} 
@article{Patnaik_Guptill_Berke_1995, 
  title={Merits and limitations of optimality criteria method for structural optimization}, 
  volume={38},
  DOI={10.1002/nme.1620381806}, 
  number={18}, 
  journal={International Journal for Numerical Methods in Engineering}, 
  author={Patnaik, Surya N. and Guptill, James D. and Berke, Laszlo}, 
  year={1995}, 
  pages={3087–3120}
} 
@article{Sotola_Marsalek_Rybansky_Fusek_Gabriel_2021, 
  title={Sensitivity analysis of key formulations of topology optimization on an example of cantilever bending beam}, 
  volume={13}, 
  DOI={10.3390/sym13040712}, 
  number={4}, 
  journal={Symmetry}, 
  author={Sotola, Martin and Marsalek, Pavel and Rybansky, David and Fusek, Martin and Gabriel, Dusan}, 
  year={2021}, 
  pages={712}
} 

@article{Joo_Lee_Kim_2017, 
  title={Topology optimization of heat sinks in natural convection considering the effect of shape-dependent heat transfer coefficient}, 
  volume={109}, 
  DOI={10.1016/j.ijheatmasstransfer.2017.01.099}, 
  journal={International Journal of Heat and Mass Transfer}, 
  author={Joo, Younghwan and Lee, Ikjin and Kim, Sung Jin}, 
  year={2017}, 
  pages={123–133}
} 

@article{Alexandersen_Sigmund_Aage_2016, 
  title={Large scale three-dimensional topology optimisation of heat sinks cooled by natural convection}, 
  volume={100}, 
  DOI={10.1016/j.ijheatmasstransfer.2016.05.013}, 
  journal={International Journal of Heat and Mass Transfer}, 
  author={Alexandersen, Joe and Sigmund, Ole and Aage, Niels}, 
  year={2016}, 
  pages={876–891}
} 

@article{Groen_Sigmund_2017, 
  title={Homogenization‐based topology optimization for high‐resolution manufacturable microstructures}, 
  volume={113}, 
  DOI={10.1002/nme.5575}, 
  number={8}, 
  journal={International Journal for Numerical Methods in Engineering}, 
  author={Groen, Jeroen P. and Sigmund, Ole}, 
  year={2017}, 
  pages={1148–1163}
} 

@article{Larsen_Sigmund_Groen_2018, 
  title={Optimal truss and frame design from projected homogenization-based topology optimization}, 
  volume={57}, 
  DOI={10.1007/s00158-018-1948-9}, 
  number={4}, 
  journal={Structural and Multidisciplinary Optimization}, 
  author={Larsen, S. D. and Sigmund, O. and Groen, J. P.}, 
  year={2018}, 
  pages={1461–1474}
} 

@article{Fernandes_Tamijani_2021, 
  title={Design optimization of lattice structures with stress constraints}, 
  volume={210}, 
  DOI={10.1016/j.matdes.2021.110026}, 
  journal={Materials \& Design}, 
  author={Fernandes, Rossana R. and Tamijani, Ali Y.}, 
  year={2021}, 
  pages={110026}
} 

@article{Pejman_Najafi_2023, 
  title={Multiphysics topology optimization of a multifunctional structural battery composite}, 
  volume={66}, 
  DOI={10.1007/s00158-023-03490-3}, 
  number={3}, 
  journal={Structural and Multidisciplinary Optimization}, 
  author={Pejman, Reza and Najafi, Ahmad Raeisi}, 
  year={2023}
} 

@article{Zhang_Ye_Wei_Tao_Luo_2021, 
  title={Design optimization of multifunctional metamaterials with tunable thermal expansion and phononic bandgap}, 
  volume={209}, 
  DOI={10.1016/j.matdes.2021.109990}, 
  journal={Materials \& Design}, 
  author={Zhang, Xing and Ye, Hongling and Wei, Nan and Tao, Ran and Luo, Zhen}, 
  year={2021}, 
  pages={109990}
} 

@article{Imediegwu_Murphy_Hewson_Santer_2021, 
  title={Multiscale thermal and Thermo-structural optimization of three-dimensional lattice structures}, 
  volume={65}, DOI={10.1007/s00158-021-03087-8}, 
  number={1}, 
  journal={Structural and Multidisciplinary Optimization}, 
  author={Imediegwu, Chikwesiri and Murphy, Ryan and Hewson, Robert and Santer, Matthew},
  year={2021}
} 

@article{Takezawa_Yoon_Jeong_Kobashi_Kitamura_2014, 
  title={Structural topology optimization with strength and heat conduction constraints}, 
  volume={276}, 
  DOI={10.1016/j.cma.2014.04.003}, 
  journal={Computer Methods in Applied Mechanics and Engineering}, 
  author={Takezawa, Akihiro and Yoon, Gil Ho and Jeong, Seung Hyun and Kobashi, Makoto and Kitamura, Mitsuru}, 
  year={2014}, 
  pages={341–361}
} 

@article{Challis_Roberts_Wilkins_2008, 
  title={Design of three dimensional isotropic microstructures for maximized stiffness and conductivity}, 
  volume={45}, 
  DOI={10.1016/j.ijsolstr.2008.02.025}, 
  number={14–15}, 
  journal={International Journal of Solids and Structures}, 
  author={Challis, V.J. and Roberts, A.P. and Wilkins, A.H.}, 
  year={2008},
  pages={4130–4146}
} 

@article{Vargas_Huitink_Iradukunda_Eddy_2020, 
  title={Topology optimized phase change material integrated heat sinks and validation}, 
  DOI={10.1109/itherm45881.2020.9190539}, 
  journal={2020 19th IEEE Intersociety Conference on Thermal and Thermomechanical Phenomena in Electronic Systems (ITherm)}, 
  author={Vargas, Andres and Huitink, David and Iradukunda, Ange-Christian and Eddy, Conner}, 
  year={2020}
} 

//===== Latent Heat Energy Storage ===========================================
@article{Cabeza_Martorell_Miró_Fernández_Barreneche_Cabeza_Fernández_Barreneche_2021, 
  title={Introduction to thermal energy storage systems}, 
  DOI={10.1016/b978-0-12-819885-8.00001-2}, 
  journal={Advances in Thermal Energy Storage Systems}, 
  author={Cabeza, Luisa F. and Martorell, Ingrid and Miró, Laia and Fernández, A. Inés and Barreneche, Camila and Cabeza, Luisa F. and Fernández, A. Inés and Barreneche, Camila}, 
  year={2021}, 
  pages={1–33}
} 
@article{Gadhave_Prabhune_Pathan_2020, 
  title={Selection of phase change material for domestic water heating using multi criteria decision approach}, 
  volume={21}, 
  DOI={10.1080/14484846.2020.1842297}, 
  number={1}, 
  journal={Australian Journal of Mechanical Engineering}, 
  author={Gadhave, Pitambar and Prabhune, Chandrakant and Pathan, Firojkhan}, 
  year={2020}, 
  pages={295–315}
} 
@article{Reza_Vakhshouri_2020, 
  title={Paraffin as phase change material}, 
  DOI={10.5772/intechopen.90487}, 
  journal={Paraffin - an Overview}, 
  author={Reza Vakhshouri, Amir}, 
  year={2020}
} 

//===== Cellular Structures ==================================================
@article{Tao_Leu_2016, 
    author={Tao, Wenjin and Leu, Ming C.}, 
    journal={2016 International Symposium on Flexible Automation (ISFA)}, 
    title={Design of lattice structure for additive manufacturing}, 
    DOI={10.1109/isfa.2016.7790182}, 
    year={2016}, 
    month={Aug}
}

@article{Piacquadio_Soika_Schirp_Schröder_Filippeschi_2023, 
  title={On the effective thermophysical properties of phase change materials embedded in metallic lattice structures with generic topological parameters}, 
  volume={3}, DOI={10.3390/thermo3040034}, 
  number={4}, 
  journal={Thermo}, 
  author={Piacquadio, Stefano and Soika, Johannes and Schirp, Maximilian and Schröder, Kai-Uwe and Filippeschi, Sauro}, 
  year={2023}, 
  pages={566–592}
} 

@article{Bühring_Soika_Schirp-Schoenen_Schröder_2022, 
  title={Elastic axial stiffness properties of lattice structures: Analytical Approach and experimental validation for BCC and F2CC,Z unit cells}, 
  DOI={10.1080/15376494.2022.2139027}, 
  journal={Mechanics of Advanced Materials and Structures}, 
  author={Bühring, J. and Soika, J. and Schirp-Schoenen, M. and Schröder, K.-U.}, 
  year={2022}, 
  pages={1–17}
} 

@article{Piacquadio_Schirp-Schoenen_Mameli_Filippeschi_Schröder_2022, 
  title={Experimental analysis of the thermal energy storage potential of a phase change material embedded in additively manufactured lattice structures}, 
  volume={216}, 
  DOI={10.1016/j.applthermaleng.2022.119091}, 
  journal={Applied Thermal Engineering}, 
  author={Piacquadio, Stefano and Schirp-Schoenen, Maximilian and Mameli, Mauro and Filippeschi, Sauro and Schröder, Kai-Uwe}, 
  year={2022}, 
  pages={119091}
} 

//===== Software =============================================================
@article{Geuzaine_Remacle_2009,
  title={Gmsh: A 3-D finite element mesh generator with built-in pre- and post-processing facilities}, 
  volume={79}, 
  DOI={10.1002/nme.2579}, 
  number={11}, 
  journal={International Journal for Numerical Methods in Engineering}, 
  author={Geuzaine, Christophe and Remacle, Jean-François}, 
  year={2009}, 
  pages={1309–1331}
} 
@article{Julia-2017,
    title={Julia: A fresh approach to numerical computing},
    author={Bezanson, Jeff and Edelman, Alan and Karpinski, Stefan and Shah, Viral B},
    journal={SIAM {R}eview},
    volume={59},
    number={1},
    pages={65--98},
    year={2017},
    publisher={SIAM},
    doi={10.1137/141000671},
    url={https://epubs.siam.org/doi/10.1137/141000671}
}
@article{RevelsLubinPapamarkou2016,
    title = {Forward-Mode Automatic Differentiation in {J}ulia},
   author = {{Revels}, J. and {Lubin}, M. and {Papamarkou}, T.},
  journal = {arXiv:1607.07892 [cs.MS]},
     year = {2016},
      url = {https://arxiv.org/abs/1607.07892}
}
@InCollection{ParaView,
  author    = {James Ahrens and Berk Geveci and Charles Law},
  booktitle = {Visualization Handbook},
  publisher = {Elesvier},
  title     = {{ParaView}: An End-User Tool for Large Data Visualization},
  year      = {2005},
  note      = {{ISBN}~978-0123875822},
}